@article{RN4,
   author = {Graham, R. L. and Hell, P.},
   title = {On the History of the Minimum Spanning Tree Problem},
   journal = {Annals of the History of Computing},
   volume = {7},
   number = {1},
   pages = {43-57},
   ISSN = {0164-1239},
   DOI = {10.1109/MAHC.1985.10011},
   year = {1985},
   type = {Journal Article}
}

@article{RN2,
   author = {Kruskal, J. B.},
   title = {Multidimensional scaling by optimizing goodness of fit to a nonmetric hypothesis},
   journal = {Psychometrika},
   volume = {29},
   number = {1},
   pages = {1-27},
   ISSN = {1860-0980},
   DOI = {10.1007/BF02289565},
   url = {https://doi.org/10.1007/BF02289565},
   year = {1964},
   type = {Journal Article}
}

@article{RN3,
   author = {Prim, R. C.},
   title = {Shortest connection networks and some generalizations},
   journal = {The Bell System Technical Journal},
   volume = {36},
   number = {6},
   pages = {1389-1401},
   ISSN = {0005-8580},
   DOI = {10.1002/j.1538-7305.1957.tb01515.x},
   year = {1957},
   type = {Journal Article}
}

@article{贺军忠2020kruskal,
  title={Kruskal 和 Prim 算法的分析研究与比较},
  author={贺军忠 and 王丽君},
  journal={陇东学院学报},
  volume={31},
  number={2},
  pages={8--11},
  year={2020}
}

@INPROCEEDINGS{5369459,
  author={Huang, Feixue and Gao, Pengfei and Wang, Yu},
  booktitle={2009 International Conference on Web Information Systems and Mining}, 
  title={Comparison of Prim and Kruskal on Shanghai and Shenzhen 300 Index Hierarchical Structure Tree}, 
  year={2009},
  volume={},
  number={},
  pages={237-241},
  doi={10.1109/WISM.2009.56}}
